<record><leader>00000cas a22000007a 4500</leader><controlfield tag="001">12658534</controlfield><controlfield tag="008">851011d18331834ohuwr ne      0    0eng  </controlfield><controlfield tag="009">466</controlfield><datafield ind1=" " ind2=" " tag="010"><subfield code="a">sn 85042580 </subfield></datafield><datafield ind1=" " ind2=" " tag="040"><subfield code="a">DLC</subfield><subfield code="b">eng</subfield><subfield code="c">DLC</subfield><subfield code="d">ONP</subfield></datafield><datafield ind1="1" ind2=" " tag="029"><subfield code="a">AU@</subfield><subfield code="b">000025822352</subfield></datafield><datafield ind1=" " ind2=" " tag="042"><subfield code="a">msc</subfield></datafield><datafield ind1="0" ind2="0" tag="050"><subfield code="a">Newspaper 9214-X</subfield></datafield><datafield ind1="0" ind2="0" tag="245"><subfield code="a">Madison patriot.</subfield></datafield><datafield ind1="1" ind2="0" tag="246"><subfield code="a">Madison patriot and farmers' register</subfield></datafield><datafield ind1=" " ind2=" " tag="260"><subfield code="a">London, Madison County, Ohio :</subfield><subfield code="b">[P. Lapham],</subfield><subfield code="c">1833-1834.</subfield></datafield><datafield ind1=" " ind2=" " tag="300"><subfield code="a">v. ;</subfield><subfield code="c">52 cm.</subfield></datafield><datafield ind1=" " ind2=" " tag="310"><subfield code="a">Weekly</subfield></datafield><datafield ind1="0" ind2=" " tag="362"><subfield code="a">Vol. 1, no. 1 (Oct. 30, 1833)-v. 1, no. 52 (Oct. 24, 1834).</subfield></datafield><datafield ind1=" " ind2=" " tag="500"><subfield code="a">Published as: Madison patriot and farmers' register, July 4, 1834-Oct. 24, 1834.</subfield></datafield><datafield ind1=" " ind2=" " tag="752"><subfield code="a">United States</subfield><subfield code="b">Ohio</subfield><subfield code="c">Madison</subfield><subfield code="d">London.</subfield></datafield></record>